%YAML 1.1
%TAG !u! tag:unity3d.com,2011:
--- !u!1001 &100100000
Prefab:
  m_ObjectHideFlags: 1
  serializedVersion: 2
  m_Modification:
    m_TransformParent: {fileID: 0}
    m_Modifications: []
    m_RemovedComponents: []
  m_ParentPrefab: {fileID: 0}
  m_RootGameObject: {fileID: 1000012592709224}
  m_IsPrefabParent: 1
--- !u!1 &1000010130200634
GameObject:
  m_ObjectHideFlags: 1
  m_PrefabParentObject: {fileID: 0}
  m_PrefabInternal: {fileID: 100100000}
  serializedVersion: 4
  m_Component:
  - 4: {fileID: 4000012145213178}
  m_Layer: 0
  m_Name: RigLArm1
  m_TagString: Untagged
  m_Icon: {fileID: 0}
  m_NavMeshLayer: 0
  m_StaticEditorFlags: 0
  m_IsActive: 1
--- !u!1 &1000010320620920
GameObject:
  m_ObjectHideFlags: 1
  m_PrefabParentObject: {fileID: 0}
  m_PrefabInternal: {fileID: 100100000}
  serializedVersion: 4
  m_Component:
  - 4: {fileID: 4000010188050742}
  m_Layer: 0
  m_Name: RigLowerJaw
  m_TagString: Untagged
  m_Icon: {fileID: 0}
  m_NavMeshLayer: 0
  m_StaticEditorFlags: 0
  m_IsActive: 1
--- !u!1 &1000010356402494
GameObject:
  m_ObjectHideFlags: 1
  m_PrefabParentObject: {fileID: 0}
  m_PrefabInternal: {fileID: 100100000}
  serializedVersion: 4
  m_Component:
  - 4: {fileID: 4000014262923298}
  m_Layer: 0
  m_Name: RigLArm2
  m_TagString: Untagged
  m_Icon: {fileID: 0}
  m_NavMeshLayer: 0
  m_StaticEditorFlags: 0
  m_IsActive: 1
--- !u!1 &1000010550070728
GameObject:
  m_ObjectHideFlags: 0
  m_PrefabParentObject: {fileID: 0}
  m_PrefabInternal: {fileID: 100100000}
  serializedVersion: 4
  m_Component:
  - 4: {fileID: 4000013852568386}
  m_Layer: 0
  m_Name: BloodPoint
  m_TagString: Untagged
  m_Icon: {fileID: 0}
  m_NavMeshLayer: 0
  m_StaticEditorFlags: 0
  m_IsActive: 1
--- !u!1 &1000010621557702
GameObject:
  m_ObjectHideFlags: 1
  m_PrefabParentObject: {fileID: 0}
  m_PrefabInternal: {fileID: 100100000}
  serializedVersion: 4
  m_Component:
  - 4: {fileID: 4000013539531214}
  m_Layer: 0
  m_Name: RigLArmPalm
  m_TagString: Untagged
  m_Icon: {fileID: 0}
  m_NavMeshLayer: 0
  m_StaticEditorFlags: 0
  m_IsActive: 1
--- !u!1 &1000010776189778
GameObject:
  m_ObjectHideFlags: 1
  m_PrefabParentObject: {fileID: 0}
  m_PrefabInternal: {fileID: 100100000}
  serializedVersion: 4
  m_Component:
  - 4: {fileID: 4000010037997936}
  m_Layer: 0
  m_Name: RigRArm2
  m_TagString: Untagged
  m_Icon: {fileID: 0}
  m_NavMeshLayer: 0
  m_StaticEditorFlags: 0
  m_IsActive: 1
--- !u!1 &1000011426150854
GameObject:
  m_ObjectHideFlags: 1
  m_PrefabParentObject: {fileID: 0}
  m_PrefabInternal: {fileID: 100100000}
  serializedVersion: 4
  m_Component:
  - 4: {fileID: 4000011849532892}
  m_Layer: 0
  m_Name: RigTail3
  m_TagString: Untagged
  m_Icon: {fileID: 0}
  m_NavMeshLayer: 0
  m_StaticEditorFlags: 0
  m_IsActive: 1
--- !u!1 &1000011516081676
GameObject:
  m_ObjectHideFlags: 1
  m_PrefabParentObject: {fileID: 0}
  m_PrefabInternal: {fileID: 100100000}
  serializedVersion: 4
  m_Component:
  - 4: {fileID: 4000013539790340}
  m_Layer: 0
  m_Name: RigRArmPalm
  m_TagString: Untagged
  m_Icon: {fileID: 0}
  m_NavMeshLayer: 0
  m_StaticEditorFlags: 0
  m_IsActive: 1
--- !u!1 &1000011979070278
GameObject:
  m_ObjectHideFlags: 1
  m_PrefabParentObject: {fileID: 0}
  m_PrefabInternal: {fileID: 100100000}
  serializedVersion: 4
  m_Component:
  - 4: {fileID: 4000012802770744}
  m_Layer: 0
  m_Name: RigRArm1
  m_TagString: Untagged
  m_Icon: {fileID: 0}
  m_NavMeshLayer: 0
  m_StaticEditorFlags: 0
  m_IsActive: 1
--- !u!1 &1000012217866718
GameObject:
  m_ObjectHideFlags: 0
  m_PrefabParentObject: {fileID: 0}
  m_PrefabInternal: {fileID: 100100000}
  serializedVersion: 4
  m_Component:
  - 4: {fileID: 4000013355506502}
  m_Layer: 0
  m_Name: Rig
  m_TagString: Untagged
  m_Icon: {fileID: 0}
  m_NavMeshLayer: 0
  m_StaticEditorFlags: 0
  m_IsActive: 1
--- !u!1 &1000012504076576
GameObject:
  m_ObjectHideFlags: 0
  m_PrefabParentObject: {fileID: 0}
  m_PrefabInternal: {fileID: 100100000}
  serializedVersion: 4
  m_Component:
  - 4: {fileID: 4000013334762542}
  - 137: {fileID: 137000011090452526}
  - 33: {fileID: 33000011098307216}
  - 114: {fileID: 114000011754613260}
  m_Layer: 0
  m_Name: Magma Demon
  m_TagString: Untagged
  m_Icon: {fileID: 0}
  m_NavMeshLayer: 0
  m_StaticEditorFlags: 0
  m_IsActive: 1
--- !u!1 &1000012592709224
GameObject:
  m_ObjectHideFlags: 0
  m_PrefabParentObject: {fileID: 0}
  m_PrefabInternal: {fileID: 100100000}
  serializedVersion: 4
  m_Component:
  - 4: {fileID: 4000010877386560}
  - 111: {fileID: 111000012065735818}
  - 143: {fileID: 143000010119824098}
  - 114: {fileID: 114000010978617228}
  m_Layer: 0
  m_Name: 02-Magma Demon
  m_TagString: Untagged
  m_Icon: {fileID: 0}
  m_NavMeshLayer: 0
  m_StaticEditorFlags: 0
  m_IsActive: 1
--- !u!1 &1000013285318264
GameObject:
  m_ObjectHideFlags: 1
  m_PrefabParentObject: {fileID: 0}
  m_PrefabInternal: {fileID: 100100000}
  serializedVersion: 4
  m_Component:
  - 4: {fileID: 4000010880655690}
  m_Layer: 0
  m_Name: RigTail2
  m_TagString: Untagged
  m_Icon: {fileID: 0}
  m_NavMeshLayer: 0
  m_StaticEditorFlags: 0
  m_IsActive: 1
--- !u!1 &1000013510894444
GameObject:
  m_ObjectHideFlags: 1
  m_PrefabParentObject: {fileID: 0}
  m_PrefabInternal: {fileID: 100100000}
  serializedVersion: 4
  m_Component:
  - 4: {fileID: 4000013256510210}
  m_Layer: 0
  m_Name: RigTail1
  m_TagString: Untagged
  m_Icon: {fileID: 0}
  m_NavMeshLayer: 0
  m_StaticEditorFlags: 0
  m_IsActive: 1
--- !u!1 &1000013904949048
GameObject:
  m_ObjectHideFlags: 0
  m_PrefabParentObject: {fileID: 0}
  m_PrefabInternal: {fileID: 100100000}
  serializedVersion: 4
  m_Component:
  - 4: {fileID: 4000014222352226}
  m_Layer: 0
  m_Name: HpBarPoint
  m_TagString: Untagged
  m_Icon: {fileID: 0}
  m_NavMeshLayer: 0
  m_StaticEditorFlags: 0
  m_IsActive: 1
--- !u!1 &1000014204835676
GameObject:
  m_ObjectHideFlags: 0
  m_PrefabParentObject: {fileID: 0}
  m_PrefabInternal: {fileID: 100100000}
  serializedVersion: 4
  m_Component:
  - 4: {fileID: 4000012626061564}
  m_Layer: 0
  m_Name: RigHead
  m_TagString: Untagged
  m_Icon: {fileID: 0}
  m_NavMeshLayer: 0
  m_StaticEditorFlags: 0
  m_IsActive: 1
--- !u!4 &4000010037997936
Transform:
  m_ObjectHideFlags: 1
  m_PrefabParentObject: {fileID: 0}
  m_PrefabInternal: {fileID: 100100000}
  m_GameObject: {fileID: 1000010776189778}
  m_LocalRotation: {x: -0.112505436, y: 0.0073513724, z: 0.96254236, w: -0.2465781}
  m_LocalPosition: {x: -0.3850978, y: -0.000000076293944, z: -0.000000076293944}
  m_LocalScale: {x: 1.0000001, y: 0.99999994, z: 0.99999994}
  m_LocalEulerAnglesHint: {x: 8.481744, y: -20.38617, z: -131.10426}
  m_Children:
  - {fileID: 4000013539790340}
  m_Father: {fileID: 4000012802770744}
  m_RootOrder: 0
--- !u!4 &4000010188050742
Transform:
  m_ObjectHideFlags: 1
  m_PrefabParentObject: {fileID: 0}
  m_PrefabInternal: {fileID: 100100000}
  m_GameObject: {fileID: 1000010320620920}
  m_LocalRotation: {x: 2.7371975e-14, y: -0.00000014923206, z: -0.7664451, w: 0.64230984}
  m_LocalPosition: {x: 0.36622185, y: -0.018558422, z: 0.0000000028744398}
  m_LocalScale: {x: 1, y: 1, z: 1}
  m_LocalEulerAnglesHint: {x: -0.000015330399, y: -0.000007380688, z: -113.71712}
  m_Children: []
  m_Father: {fileID: 4000012626061564}
  m_RootOrder: 1
--- !u!4 &4000010877386560
Transform:
  m_ObjectHideFlags: 1
  m_PrefabParentObject: {fileID: 0}
  m_PrefabInternal: {fileID: 100100000}
  m_GameObject: {fileID: 1000012592709224}
  m_LocalRotation: {x: 0, y: 0, z: 0, w: 1}
  m_LocalPosition: {x: -15.43, y: 2.34, z: 2.401}
  m_LocalScale: {x: 1, y: 1, z: 1}
  m_LocalEulerAnglesHint: {x: 0, y: 0, z: 0}
  m_Children:
  - {fileID: 4000013334762542}
  - {fileID: 4000013355506502}
  - {fileID: 4000012626061564}
  - {fileID: 4000013852568386}
  - {fileID: 4000014222352226}
  m_Father: {fileID: 0}
  m_RootOrder: 0
--- !u!4 &4000010880655690
Transform:
  m_ObjectHideFlags: 1
  m_PrefabParentObject: {fileID: 0}
  m_PrefabInternal: {fileID: 100100000}
  m_GameObject: {fileID: 1000013285318264}
  m_LocalRotation: {x: -3.3648174e-13, y: -0.000000014912075, z: -0.07658652, w: 0.9970629}
  m_LocalPosition: {x: -0.294159, y: 0, z: 0}
  m_LocalScale: {x: 1, y: 1, z: 1}
  m_LocalEulerAnglesHint: {x: 7.4040904, y: -28.486492, z: 26.135468}
  m_Children:
  - {fileID: 4000011849532892}
  m_Father: {fileID: 4000013256510210}
  m_RootOrder: 0
--- !u!4 &4000011849532892
Transform:
  m_ObjectHideFlags: 1
  m_PrefabParentObject: {fileID: 0}
  m_PrefabInternal: {fileID: 100100000}
  m_GameObject: {fileID: 1000011426150854}
  m_LocalRotation: {x: 7.767738e-13, y: 0.0000000058683027, z: 0.030139279, w: 0.99954575}
  m_LocalPosition: {x: -0.17733887, y: 0, z: -1.364242e-14}
  m_LocalScale: {x: 0.99999994, y: 0.99999994, z: 1}
  m_LocalEulerAnglesHint: {x: -8.022135, y: -38.426167, z: 16.828611}
  m_Children: []
  m_Father: {fileID: 4000010880655690}
  m_RootOrder: 0
--- !u!4 &4000012145213178
Transform:
  m_ObjectHideFlags: 1
  m_PrefabParentObject: {fileID: 0}
  m_PrefabInternal: {fileID: 100100000}
  m_GameObject: {fileID: 1000010130200634}
  m_LocalRotation: {x: 0.54961354, y: 0.6570511, z: 0.27803266, w: 0.43463412}
  m_LocalPosition: {x: 0.123554915, y: -0.00000009271207, z: 0.3707492}
  m_LocalScale: {x: 1, y: 0.99999994, z: 1}
  m_LocalEulerAnglesHint: {x: 20.63487, y: 119.52964, z: 27.24276}
  m_Children:
  - {fileID: 4000014262923298}
  m_Father: {fileID: 4000012626061564}
  m_RootOrder: 0
--- !u!4 &4000012626061564
Transform:
  m_ObjectHideFlags: 1
  m_PrefabParentObject: {fileID: 0}
  m_PrefabInternal: {fileID: 100100000}
  m_GameObject: {fileID: 1000014204835676}
  m_LocalRotation: {x: 0.50000006, y: -0.50000006, z: -0.49999997, w: 0.49999997}
  m_LocalPosition: {x: 4.9719472e-14, y: 0.77178437, z: -0.00000016714294}
  m_LocalScale: {x: 1, y: 1, z: 1}
  m_LocalEulerAnglesHint: {x: 0, y: -90, z: -87.334946}
  m_Children:
  - {fileID: 4000012145213178}
  - {fileID: 4000010188050742}
  - {fileID: 4000012802770744}
  - {fileID: 4000013256510210}
  m_Father: {fileID: 4000010877386560}
  m_RootOrder: 2
--- !u!4 &4000012802770744
Transform:
  m_ObjectHideFlags: 1
  m_PrefabParentObject: {fileID: 0}
  m_PrefabInternal: {fileID: 100100000}
  m_GameObject: {fileID: 1000011979070278}
  m_LocalRotation: {x: 0.54961354, y: 0.6570511, z: -0.27803263, w: -0.43463397}
  m_LocalPosition: {x: 0.123554915, y: -0.00000009271205, z: -0.3707492}
  m_LocalScale: {x: 1, y: 1, z: 1}
  m_LocalEulerAnglesHint: {x: -7.718745, y: -131.36137, z: 71.54043}
  m_Children:
  - {fileID: 4000010037997936}
  m_Father: {fileID: 4000012626061564}
  m_RootOrder: 2
--- !u!4 &4000013256510210
Transform:
  m_ObjectHideFlags: 1
  m_PrefabParentObject: {fileID: 0}
  m_PrefabInternal: {fileID: 100100000}
  m_GameObject: {fileID: 1000013510894444}
  m_LocalRotation: {x: -2.7818157e-15, y: 0.0000001427985, z: 0.7334015, w: 0.67979574}
  m_LocalPosition: {x: 0.36981398, y: -0.3307722, z: 0.00000006440371}
  m_LocalScale: {x: 1, y: 1, z: 1}
  m_LocalEulerAnglesHint: {x: -16.818876, y: 0.00001962238, z: 74.75918}
  m_Children:
  - {fileID: 4000010880655690}
  m_Father: {fileID: 4000012626061564}
  m_RootOrder: 3
--- !u!4 &4000013334762542
Transform:
  m_ObjectHideFlags: 1
  m_PrefabParentObject: {fileID: 0}
  m_PrefabInternal: {fileID: 100100000}
  m_GameObject: {fileID: 1000012504076576}
  m_LocalRotation: {x: -0.7071068, y: 0, z: -0, w: 0.7071068}
  m_LocalPosition: {x: -0, y: 0, z: 0}
  m_LocalScale: {x: 1, y: 1, z: 1}
  m_LocalEulerAnglesHint: {x: 0, y: 0, z: 0}
  m_Children: []
  m_Father: {fileID: 4000010877386560}
  m_RootOrder: 0
--- !u!4 &4000013355506502
Transform:
  m_ObjectHideFlags: 1
  m_PrefabParentObject: {fileID: 0}
  m_PrefabInternal: {fileID: 100100000}
  m_GameObject: {fileID: 1000012217866718}
  m_LocalRotation: {x: 0.50000006, y: -0.50000006, z: -0.49999997, w: 0.49999997}
  m_LocalPosition: {x: -0, y: 0, z: 0}
  m_LocalScale: {x: 1, y: 1, z: 1}
  m_LocalEulerAnglesHint: {x: 0, y: -90.00001, z: -90}
  m_Children: []
  m_Father: {fileID: 4000010877386560}
  m_RootOrder: 1
--- !u!4 &4000013539531214
Transform:
  m_ObjectHideFlags: 1
  m_PrefabParentObject: {fileID: 0}
  m_PrefabInternal: {fileID: 100100000}
  m_GameObject: {fileID: 1000010621557702}
  m_LocalRotation: {x: 0.23276386, y: -0.096456215, z: 0.32475898, w: 0.91161877}
  m_LocalPosition: {x: -0.3728782, y: 0.0000002479553, z: 0.000000076293944}
  m_LocalScale: {x: 0.99999917, y: 1.0000006, z: 1.0000004}
  m_LocalEulerAnglesHint: {x: 43.257233, y: 3.0308297, z: 60.912006}
  m_Children: []
  m_Father: {fileID: 4000014262923298}
  m_RootOrder: 0
--- !u!4 &4000013539790340
Transform:
  m_ObjectHideFlags: 1
  m_PrefabParentObject: {fileID: 0}
  m_PrefabInternal: {fileID: 100100000}
  m_GameObject: {fileID: 1000011516081676}
  m_LocalRotation: {x: -0.23276393, y: 0.09645603, z: 0.3247598, w: 0.9116185}
  m_LocalPosition: {x: -0.37287822, y: -0.00000022888183, z: 0.00000015258789}
  m_LocalScale: {x: 1.0000007, y: 0.99999934, z: 0.99999976}
  m_LocalEulerAnglesHint: {x: -39.57323, y: 13.040168, z: 13.686384}
  m_Children: []
  m_Father: {fileID: 4000010037997936}
  m_RootOrder: 0
--- !u!4 &4000013852568386
Transform:
  m_ObjectHideFlags: 1
  m_PrefabParentObject: {fileID: 0}
  m_PrefabInternal: {fileID: 100100000}
  m_GameObject: {fileID: 1000010550070728}
  m_LocalRotation: {x: 0, y: 0, z: 0, w: 1}
  m_LocalPosition: {x: 0, y: 0.65, z: 0}
  m_LocalScale: {x: 1, y: 1, z: 1}
  m_LocalEulerAnglesHint: {x: 0, y: 0, z: 0}
  m_Children: []
  m_Father: {fileID: 4000010877386560}
  m_RootOrder: 3
--- !u!4 &4000014222352226
Transform:
  m_ObjectHideFlags: 1
  m_PrefabParentObject: {fileID: 0}
  m_PrefabInternal: {fileID: 100100000}
  m_GameObject: {fileID: 1000013904949048}
  m_LocalRotation: {x: 0, y: 0, z: 0, w: 1}
  m_LocalPosition: {x: 0, y: 1.51, z: 0}
  m_LocalScale: {x: 1, y: 1, z: 1}
  m_LocalEulerAnglesHint: {x: 0, y: 0, z: 0}
  m_Children: []
  m_Father: {fileID: 4000010877386560}
  m_RootOrder: 4
--- !u!4 &4000014262923298
Transform:
  m_ObjectHideFlags: 1
  m_PrefabParentObject: {fileID: 0}
  m_PrefabInternal: {fileID: 100100000}
  m_GameObject: {fileID: 1000010356402494}
  m_LocalRotation: {x: 0.11250531, y: -0.0073516313, z: 0.9625425, w: -0.24657774}
  m_LocalPosition: {x: -0.3850979, y: 0.000000076293944, z: 0}
  m_LocalScale: {x: 0.9999999, y: 1.0000001, z: 1}
  m_LocalEulerAnglesHint: {x: -10.495516, y: 22.008484, z: -125.84352}
  m_Children:
  - {fileID: 4000013539531214}
  m_Father: {fileID: 4000012145213178}
  m_RootOrder: 0
--- !u!33 &33000011098307216
MeshFilter:
  m_ObjectHideFlags: 1
  m_PrefabParentObject: {fileID: 0}
  m_PrefabInternal: {fileID: 100100000}
  m_GameObject: {fileID: 1000012504076576}
  m_Mesh: {fileID: 4300000, guid: 87897decfa19a5e40a5f457e670c30b8, type: 3}
--- !u!111 &111000012065735818
Animation:
  m_ObjectHideFlags: 1
  m_PrefabParentObject: {fileID: 0}
  m_PrefabInternal: {fileID: 100100000}
  m_GameObject: {fileID: 1000012592709224}
  m_Enabled: 1
  serializedVersion: 3
  m_Animation: {fileID: 0}
  m_Animations:
  - {fileID: 7400000, guid: af40428ee23b85f478ea94ed84f0fd5f, type: 2}
  - {fileID: 7400000, guid: 73b7f0f3515bb174b925481596c5869f, type: 2}
  - {fileID: 7400000, guid: 5213c7a88a2a3104aad7e894720fdff3, type: 2}
  - {fileID: 7400000, guid: 8a954243b6f76234eb23cd0e95c8bc94, type: 2}
  - {fileID: 7400000, guid: d6149d0d28640e54f9e03ef96bf58c90, type: 2}
  m_WrapMode: 0
  m_PlayAutomatically: 1
  m_AnimatePhysics: 0
  m_CullingType: 1
--- !u!114 &114000010978617228
MonoBehaviour:
  m_ObjectHideFlags: 1
  m_PrefabParentObject: {fileID: 0}
  m_PrefabInternal: {fileID: 100100000}
  m_GameObject: {fileID: 1000012592709224}
  m_Enabled: 1
  m_EditorHideFlags: 0
  m_Script: {fileID: 11500000, guid: dd46ec690f01fbf409bc1e345c5785ad, type: 3}
  m_Name: 
  m_EditorClassIdentifier: 
  damageEffectPrefab: {fileID: 100008, guid: 1eade989a94acff43aa1549fbdbb471e, type: 2}
  hp: 200
  speed: 1.5
  attackRate: 3
  attackDistance: 2
  damage: 20
  downSpeed: 1
--- !u!114 &114000011754613260
MonoBehaviour:
  m_ObjectHideFlags: 1
  m_PrefabParentObject: {fileID: 0}
  m_PrefabInternal: {fileID: 100100000}
  m_GameObject: {fileID: 1000012504076576}
  m_Enabled: 1
  m_EditorHideFlags: 0
  m_Script: {fileID: 11500000, guid: abd71dcb0056342b08cb3e8851fac00b, type: 3}
  m_Name: 
  m_EditorClassIdentifier: 
  type: 0
  minSpeed: 1
  maxSpeed: 5
  minRotationSpeed: 90
  maxRotationSpeed: 360
  fadeWaitTime: 0.5
  fadeTime: 2
  useGravity: 0
  colliderThickness: 0.125
  useNormals: 0
  useMeshBoundsCenter: 0
  allowShadows: 0
  shadersAlreadyHandleTransparency: 0
--- !u!137 &137000011090452526
SkinnedMeshRenderer:
  m_ObjectHideFlags: 1
  m_PrefabParentObject: {fileID: 0}
  m_PrefabInternal: {fileID: 100100000}
  m_GameObject: {fileID: 1000012504076576}
  m_Enabled: 1
  m_CastShadows: 1
  m_ReceiveShadows: 1
  m_MotionVectors: 1
  m_LightProbeUsage: 1
  m_ReflectionProbeUsage: 1
  m_Materials:
  - {fileID: 2100000, guid: 3cf2149437ee822478b7b934e7d09ab7, type: 2}
  m_SubsetIndices: 
  m_StaticBatchRoot: {fileID: 0}
  m_ProbeAnchor: {fileID: 0}
  m_LightProbeVolumeOverride: {fileID: 0}
  m_ScaleInLightmap: 1
  m_PreserveUVs: 0
  m_IgnoreNormalsForChartDetection: 0
  m_ImportantGI: 0
  m_SelectedWireframeHidden: 0
  m_MinimumChartSize: 4
  m_AutoUVMaxDistance: 0.5
  m_AutoUVMaxAngle: 89
  m_LightmapParameters: {fileID: 0}
  m_SortingLayerID: 0
  m_SortingOrder: 0
  serializedVersion: 2
  m_Quality: 0
  m_UpdateWhenOffscreen: 0
  m_SkinnedMotionVectors: 1
  m_Mesh: {fileID: 4300000, guid: 87897decfa19a5e40a5f457e670c30b8, type: 3}
  m_Bones:
  - {fileID: 4000012626061564}
  - {fileID: 4000010188050742}
  - {fileID: 4000012802770744}
  - {fileID: 4000013256510210}
  - {fileID: 4000012145213178}
  - {fileID: 4000013539531214}
  - {fileID: 4000014262923298}
  - {fileID: 4000010037997936}
  - {fileID: 4000013539790340}
  - {fileID: 4000010880655690}
  - {fileID: 4000011849532892}
  m_BlendShapeWeights: []
  m_RootBone: {fileID: 4000012626061564}
  m_AABB:
    m_Center: {x: 0.12706853, y: -0.22001392, z: -0.041069984}
    m_Extent: {x: 0.5315641, y: 0.6977324, z: 0.860302}
  m_DirtyAABB: 0
--- !u!143 &143000010119824098
CharacterController:
  m_ObjectHideFlags: 1
  m_PrefabParentObject: {fileID: 0}
  m_PrefabInternal: {fileID: 100100000}
  m_GameObject: {fileID: 1000012592709224}
  m_Material: {fileID: 0}
  m_IsTrigger: 0
  m_Enabled: 1
  serializedVersion: 2
  m_Height: 1.2
  m_Radius: 0.5
  m_SlopeLimit: 45
  m_StepOffset: 0.3
  m_SkinWidth: 0.08
  m_MinMoveDistance: 0.001
  m_Center: {x: 0, y: 0.6, z: 0}
